<record><leader>00000cas a22000007a 4500</leader><controlfield tag="001">4422820</controlfield><controlfield tag="008">781206d18991964ohuwr ne      0    0eng d</controlfield><datafield ind1=" " ind2=" " tag="010"><subfield code="a">sn 83035469 </subfield></datafield><datafield ind1=" " ind2=" " tag="040"><subfield code="a">CLE</subfield><subfield code="b">eng</subfield><subfield code="c">CLE</subfield><subfield code="d">NPY</subfield><subfield code="d">DLC</subfield><subfield code="d">HUL</subfield><subfield code="d">NSD</subfield><subfield code="d">NST</subfield><subfield code="d">ONP</subfield><subfield code="d">YOX</subfield><subfield code="d">ONP</subfield><subfield code="d">YOX</subfield><subfield code="d">MGN</subfield><subfield code="d">OCLCQ</subfield><subfield code="d">KRTAS</subfield><subfield code="d">J9U</subfield><subfield code="d">OCLCF</subfield><subfield code="d">OCLCO</subfield></datafield><datafield ind1="7" ind2=" " tag="016"><subfield code="a">002061892</subfield><subfield code="2">IsJJNL</subfield></datafield><datafield ind1=" " ind2=" " tag="019"><subfield code="a">234081205</subfield></datafield><datafield ind1="1" ind2=" " tag="029"><subfield code="a">AU@</subfield><subfield code="b">000025784396</subfield></datafield><datafield ind1=" " ind2=" " tag="042"><subfield code="a">msc</subfield></datafield><datafield ind1="0" ind2="0" tag="050"><subfield code="a">Newspaper</subfield></datafield><datafield ind1="0" ind2="4" tag="245"><subfield code="a">The Jewish review and observer.</subfield></datafield><datafield ind1=" " ind2=" " tag="260"><subfield code="a">Cleveland, Ohio :</subfield><subfield code="b">Dan S. Wertheimer,</subfield><subfield code="c">1899-</subfield></datafield><datafield ind1=" " ind2=" " tag="300"><subfield code="a">v.</subfield></datafield><datafield ind1=" " ind2=" " tag="310"><subfield code="a">Weekly</subfield></datafield><datafield ind1="0" ind2=" " tag="362"><subfield code="a">Vol. 21, no. 21 (Nov. 24, 1899)-</subfield></datafield><datafield ind1="1" ind2=" " tag="362"><subfield code="a">Ceased Oct. 23, 1964.</subfield></datafield><datafield ind1=" " ind2=" " tag="515"><subfield code="a">Issues for Nov. 24-Dec. 1, 1899 carry dual numbering representing the numbering both of the Jewish review and of the Hebrew observer. Beginning with Dec. 8, 1899 issue, the numbering of the Jewish review was dropped.</subfield></datafield><datafield ind1=" " ind2=" " tag="515"><subfield code="a">Vols. for Apr. 5, 1946-&lt;Dec. 26, 1958&gt; called 58th yr., no. 14-&lt;70th yr., no. 52&gt;.</subfield></datafield><datafield ind1=" " ind2=" " tag="530"><subfield code="a">Available on microfilm from the Western Reserve Historical Society.</subfield></datafield><datafield ind1=" " ind2="0" tag="650"><subfield code="a">Jewish newspapers</subfield><subfield code="z">Ohio.</subfield></datafield><datafield ind1=" " ind2="4" tag="651"><subfield code="a">Cleveland (Ohio)</subfield><subfield code="v">Newspapers.</subfield></datafield><datafield ind1=" " ind2="4" tag="651"><subfield code="a">Cuyahoga County (Ohio)</subfield><subfield code="v">Newspapers.</subfield></datafield><datafield ind1=" " ind2="7" tag="650"><subfield code="a">Jewish newspapers.</subfield><subfield code="2">fast</subfield><subfield code="0">(OCoLC)fst00982872</subfield></datafield><datafield ind1=" " ind2="7" tag="651"><subfield code="a">Ohio.</subfield><subfield code="2">fast</subfield><subfield code="0">(OCoLC)fst01205075</subfield></datafield><datafield ind1=" " ind2=" " tag="752"><subfield code="a">United States</subfield><subfield code="b">Ohio</subfield><subfield code="c">Cuyahoga</subfield><subfield code="d">Cleveland.</subfield></datafield><datafield ind1="0" ind2="4" tag="780"><subfield code="t">Jewish review (Cleveland, Ohio)</subfield><subfield code="w">(DLC)sn 83035468</subfield></datafield><datafield ind1="0" ind2="4" tag="780"><subfield code="t">Hebrew observer (Cleveland, Ohio)</subfield><subfield code="w">(DLC)sn 83035467</subfield></datafield><datafield ind1="0" ind2="7" tag="785"><subfield code="t">Jewish independent</subfield><subfield code="w">(DLC)sn 83045254</subfield></datafield><datafield ind1="0" ind2="7" tag="785"><subfield code="t">Cleveland Jewish news</subfield><subfield code="x">0009-8825</subfield><subfield code="w">(DLC)sn 78004863</subfield></datafield><datafield ind1=" " ind2=" " tag="850"><subfield code="a">MH</subfield><subfield code="a">NN</subfield></datafield><datafield ind1=" " ind2=" " tag="938"><subfield code="a">Kirtas Technologies, Inc.</subfield><subfield code="b">KRTS</subfield><subfield code="n">735807</subfield></datafield></record>